<?xml version="1.0" encoding="UTF-8"?><collection xmlns="http://www.loc.gov/MARC21/slim"><record><leader>00640nam--2200193-i-4500</leader><controlfield tag="001">000014305</controlfield><controlfield tag="002">20161230</controlfield><controlfield tag="005">20161230201030</controlfield><controlfield tag="008">060222s1000------------r-----000-0-eng-d</controlfield><datafield ind1=" " ind2=" " tag="040"><subfield code="a">IFIN-HH</subfield></datafield><datafield ind1=" " ind2=" " tag="080"><subfield code="a">539.126(061.3)</subfield></datafield><datafield ind1="1" ind2=" " tag="100"><subfield code="a">Barnes, P.D./S.A.</subfield></datafield><datafield ind1="1" ind2="0" tag="245"><subfield code="a">Meson - nuclear physics - 1976. (carnegie - mellon conference). aip conference proceedings. number 33</subfield><subfield code="c">P.d. barnes, r.a. eisenstein, l.s. kisslinger (eds.)</subfield></datafield><datafield ind1=" " ind2=" " tag="260"><subfield code="a">New York</subfield><subfield code="b">American Institute Of Physics</subfield><subfield code="c">1976</subfield></datafield><datafield ind1=" " ind2=" " tag="300"><subfield code="a">769P</subfield></datafield><datafield ind1=" " ind2=" " tag="490"><subfield code="a">Aip Conference Proceedings, 33</subfield></datafield><datafield ind1="1" ind2=" " tag="700"><subfield code="a">Kisslinger, L.S</subfield><subfield code="e">Ed</subfield></datafield><datafield ind1=" " ind2=" " tag="852"><subfield code="a">37027</subfield><subfield code="c">53</subfield></datafield><datafield ind1=" " ind2=" " tag="CAT"><subfield code="a">Sys</subfield><subfield code="c">20150313</subfield><subfield code="h">100914</subfield></datafield></record></collection>